4220 5622
310 706 401 782 nita
426 703 562 793 lingna
597 694 761 772 affinitas
786 715 869 772 nata
893 697 966 772 etr,
992 721 1099 792 quam
1128 691 1292 766 Herodoti
1328 713 1407 764 avo
1426 695 1498 783 jem
1525 689 1692 764 exstitisse

313 809 411 882 infra
439 801 632 891 luculenter
659 801 995 874 demonstrabimus.
1022 802 1167 872 Summa
1193 799 1287 868 inter
1311 797 1448 866 indicos
1464 795 1694 882 Philosopnos

313 913 353 980 dt
380 905 533 978 Persicos
557 903 687 993 Magos
716 903 934 974 vicinitas&
952 901 1236 974 communicatio
1262 901 1389 968 veterio
1418 897 1559 968 Persidis
1576 898 1609 964 δι
1637 899 1695 966 ln·

315 1012 385 1080 diae
412 1005 548 1078 sacrum
574 1004 709 1074 idioma
733 1003 922 1076 coalescere
948 1007 1051 1078 fecie,
1079 1007 1190 1076 itaut
1217 1020 1346 1074 veteres
1369 995 1517 1070 Zendici
1541 996 1624 1066 libri
1655 1000 1696 1066 in

313 1108 448 1180 Perside
475 1109 606 1212 lingpa·
636 1101 820 1182 Zendieae,
846 1128 926 1198 quae
960 1103 1244 1178 Samscrdamicae
1273 1103 1349 1174 filia
1374 1099 1444 1179 esi,
1471 1097 1582 1171 Indici
1609 1119 1695 1172 veto

314 1211 400 1282 libri
426 1213 554 1302 lingua
574 1202 855 1298 'Samscrdaurica
881 1207 1204 1282 conscriberentur.

927 1435 964 1526 §.
1023 1420 1082 1508 11.

392 1661 598 1736 LINGUAE
624 1665 871 1736 ZENDICAE
898 1667 965 1736 ΕΤ
993 1665 1415 1738 SAMSCRDAMICAE
1440 1647 1617 1730 Novo.

436 1935 625 2116 Lingua
661 2027 829 2115 gentium
864 2025 967 2113 super
1001 2031 1167 2097 omnium
1199 2041 1517 2096 monumentorum
1557 2033 1699 2090 atatem

315 2125 522 2218 esurgunt,
548 2125 730 2197 &earum
756 2129 919 2216 cognitio
944 2143 1046 2216 atque
1073 2125 1228 2198 affinitas
1254 2127 1446 2216 plurimum
1483 2119 1620 2212 prodest
1654 2117 1699 2187 ad

314 2231 481 2320 gentium
505 2227 656 2314 origines
685 2225 922 2318 detegendas.
947 2227 1014 2296 sed
1050 2229 1154 2316 hujus
1193 2229 1412 2320 cognitionis
1454 2222 1532 2295 usus
1566 2219 1699 2290 sobrius

314 2331 353 2398 dt
376 2323 572 2394 moderatus
586 2322 653 2392 else
680 2325 807 2401 debes,
833 2329 868 2394 δι
894 2325 1006 2400 solum
1032 2345 1118 2400 tunc
1145 2327 1268 2402 valet,
1294 2347 1378 2396 curn
1404 2329 1523 2398 ratio,
1547 2321 1700 2392 austori-

315 2443 397 2500 tas,
421 2425 458 2490 dc
484 2440 718 2493 monumenta
743 2426 861 2494 eidem
887 2429 1163 2514 adstipulantur.
1197 2425 1289 2514 Quis
1315 2423 1423 2492 nescit
1450 2425 1563 2494 multa
1595 2420 1700 2490 utilia

313 2519 494 2620 protulisse
520 2521 766 2600 Cluverium,
796 2526 1011 2596 petavium,
1049 2525 1137 2597 duos
1163 2527 1400 2616 scaligerum·
1416 2523 1662 2592 Marsbamum
1689 2561 1701 2594 ,

314 2623 591 2712 casaubonum,
619 2615 804 2700 Voffium,
823 2621 1054 2702 Salmafium,
1074 2625 1263 2700 Gentium,
1280 2629 1509 2698 Poneauum,
1534 2623 1568 2690 dc
1593 2617 1701 2688 etiosa

315 2727 383 2798 sed
407 2727 446 2793 lsi
472 2723 545 2791 viri
572 2725 778 2816 linguarum
815 2729 1042 2815 cognitione,
1066 2731 1231 2801 ratione,
1258 2742 1417 2798 veterum
1442 2722 1703 2794 austeritate&

315 2824 561 2900 monumentis
587 2824 832 2898 decertabant.
854 2827 945 2916 Quis
968 2845 1056 2896 vero
1081 2829 1229 2918 ignorat
1256 2828 1393 2898 fabulas
1423 2825 1585 2894 Matthaei
1612 2822 1704 2892 Ptae·

312 2929 430 3002 torii,
456 2927 533 2994 Van
558 2926 622 2996 der
647 2929 804 3004 Hasdru,
828 2924 989 3016 Elingii,
1012 2929 1137 3004 lirici,
1161 2928 1343 3002 Neandrl,
1369 2917 1509 2998 Waltiis
1551 2922 1704 3012 Goropii

316 3031 355 3096 de
381 3027 566 3100 Paeonii,
592 3031 654 3116 qui
680 3027 884 3122 linguarum
911 3029 1116 3115 cognitione
1141 3023 1236 3100 miro
1260 3029 1368 3098 modo
1406 3019 1504 3094 abusa
1530 3021 1638 3096 sunt,
1665 3025 1702 3094 dt

317 3128 451 3216 absque
476 3127 634 3204 ratione,
653 3131 931 3200 austoritatemc
945 3131 1184 3200 monumentis
1210 3128 1327 3197 sciolis
1354 3127 1479 3197 fucum
1504 3125 1640 3198 facere,
1667 3125 1704 3191 dt

318 3227 457 3297 insanis
484 3227 712 3312 opinionibus
739 3227 818 3300 orbi
844 3227 989 3300 illudere
1015 3227 1289 3304 adlaborabane.
1315 3227 1404 3298 Vide
1434 3217 1585 3294 Sesosidis
1611 3243 1704 3311 prae·

318 3329 498 3398 sationem
524 3325 569 3393 ad
593 3327 623 3396 1.
653 3331 697 3396 G.
725 3322 874 3398 Ereaerdi
899 3325 1032 3396 librum
1059 3325 1099 3397 de
1130 3329 1273 3420 Origine
1299 3331 1565 3410 Germanorum„
1591 3323 1704 3397 Goet-

322 3429 435 3517 tinga
461 3443 516 3492 an.
548 3443 653 3511 175⁰·
679 3427 836 3498 editum.

424 3527 580 3613 Linguae
608 3527 781 3596 zendieae
807 3545 891 3596 cum
918 3523 1193 3596 Samsctdamica
1219 3522 1373 3598 affinitas
1399 3524 1558 3598 ratione,
1585 3521 1702 3594 austo-

317 3632 449 3700 ritate,
476 3625 513 3692 δι
546 3643 591 3692 ex
626 3624 808 3715 utriusque
834 3625 1015 3696 idiomatis
1039 3627 1232 3699 collatione
1259 3627 1446 3704 elucescit,
1472 3645 1587 3718 neque
1626 3645 1704 3696 mo·

317 3727 503 3808 annuentis
539 3723 740 3800 destituitur
769 3765 781 3800 2
807 3721 834 3794 fi
865 3724 1003 3815 aliquid
1029 3731 1148 3800 valent
1174 3723 1430 3820 explicationes
1455 3743 1621 3798 veterum
1647 3727 1706 3798 in·
1769 3749 1772 3754 ·

317 3819 557 3917 scriptionum
596 3826 827 3899 taenearum,
853 3847 939 3916 quas
965 3833 1117 3918 protulit
1143 3831 1322 3921 Sylveller
1347 3828 1389 3898 de
1414 3828 1503 3917 Sacy
1532 3823 1629 3916 (4),
1665 3831 1705 3900 in
1817 3879 1821 3887 -

317 3928 444 4022 quibus
470 3927 571 4016 plura
596 3933 744 4002 nornine
780 3926 939 4000 zeudtea
965 3931 1152 4017 leguntur,
1177 3929 1256 4022 quat
1283 3945 1417 4000 certam
1443 3949 1526 4002 eum
1550 3928 1704 4000 Samscr·

318 4031 464 4100 &micis
489 4021 701 4100 affinitatem
726 4027 879 4100 babent.
905 4025 1019 4114 liujus
1045 4029 1213 4103 Zendicae
1238 4035 1373 4124 lingua
1399 4029 1503 4103 usum
1531 4029 1593 4100 sub
1629 4035 1707 4118 pri-

321 4131 390 4197 mis
415 4127 561 4198 Persicae
588 4134 806 4202 monmcbiat
832 4127 972 4220 regibus
999 4131 1173 4222 viguisse,
1198 4149 1306 4224 atque
1335 4129 1373 4200 sn
1411 4129 1494 4199 irim
1509 4172 1520 4202 ‚
1536 4131 1573 4196 in
1591 4126 1707 4199 Ader-

320 4219 461 4314 dedica,
484 4227 547 4300 ubi
572 4231 785 4306 Brabmaoes
820 4227 926 4301 ludos
950 4231 987 4299 dc
1013 4231 1130 4406 Pezsas
1154 4233 1283 4330 Magos
1311 4242 1339 4308 5.
1364 4227 1587 4304 antecedenti
1614 4231 1705 4306 olim

1112 4359 1132 4408 a
1571 4351 1656 4403 eon·

310 4449 1707 4608 *summasunmna

406 4663 479 4746 (4)
498 4661 644 4750 sylvester,
668 4669 704 4740 st
732 4673 825 4754 Saty„
855 4677 1086 4756 Msmr'rersur
1105 4673 1234 4750 diverses
1254 4661 1417 4758 meipsius
1436 4675 1469 4734 dr
1489 4669 1521 4732 la
1548 4636 1652 4746 Pasa,
1672 4674 1708 4739 ο

205 4829 217 4870 ι,
322 4745 377 4827 {ter
396 4745 440 4812 su
460 4749 613 4836 *ssasssea
633 4751 681 4818 see
703 4757 762 4818 teia
784 4757 817 4820 tle
838 4757 870 4820 sa
891 4759 1012 4838 dynastia
1032 4758 1080 4824 tes
1099 4751 1391 4842 saffesnyder.,Ptti⁸
1411 4769 1500 4840 1793.
1517 4751 1551 4818 ie
1569 4761 1618 4826 4⁰0
