4220 5622
288 689 476 791 Cyropolim
498 688 568 762 esse
593 693 785 766 arbitratur
804 581 975 781 [ιιιξὲε.
1003 584 1105 762 ἔξω
1124 675 1367 765 Maeoniam,
1384 707 1459 778 para
1485 688 1662 789 Hyrcania

285 795 385 884 juxta
412 794 642 867 d’lirrbelot‚
669 793 809 865 excellit
834 793 921 864 urbe
948 799 1054 893 5⁶¹U’
1077 790 1228 886 Arimis,¹
1262 789 1468 882 Balferash.
1506 793 1662 878 Septima

275 892 431 970 Ghilaa,
458 897 515 965 seu
542 893 669 963 uuilon
694 911 854 968 numerat
891 895 1016 966 urbem
1052 891 1183 970 Recine,
1220 891 1408 978 Lahdjan.
1449 891 1507 960 Est
1546 907 1662 961 autem

284 983 410 1062 Giriiaa
435 997 619 1084 provincia
643 995 705 1066 sua
732 999 775 1066 od
803 1017 897 1065 mooe
924 996 1120 1086 Caspium,
1148 997 1363 1064 commercio
1385 992 1573 1063 holoserici
1609 994 1662 1061 di-

284 1115 369 1170 ves,
395 1097 431 1162 ie
455 1113 493 1164 ut
518 1096 636 1164 Goliar
660 1097 796 1174 credita
821 1101 932 1187 patria
959 1115 1119 1168 veterum
1145 1099 1305 1163 Getarum
1330 1139 1342 1170 ,
1378 1093 1437 1163 sou
1473 1097 1663 1168 Getarum,

287 1194 440 1283 quoruni
467 1199 632 1267 meminit
661 1199 927 1272 Ptolemaeus&
957 1198 1102 1268 Strabo.

385 1297 439 1366 Ex
462 1301 528 1364 hac
554 1297 696 1366 Persidis
723 1299 952 1388 descriptione
979 1297 1050 1385 'tatu
1079 1297 1347 1386 patetrindiom
1374 1297 1428 1367 seu
1458 1295 1664 1386 Simihajiaa

284 1395 387 1468 fitam
412 1395 481 1467 esse
505 1399 550 1467 ad
577 1417 719 1476 ortum,
745 1419 901 1472 ueterem
928 1396 1115 1470 chaldeam
1139 1400 1174 1464 dt
1200 1394 1416 1477 Babyloniam
1448 1399 1493 1466 ad
1519 1397 1664 1468 Persidis

285 1497 473 1571 occasum,
500 1501 535 1564 δι
563 1495 656 1568 inte?
678 1499 830 1572 fluvium
851 1497 1058 1590 Euphratem
1092 1501 1150 1570 seu
1187 1505 1324 1574 forae,
1366 1521 1407 1569 ac
1442 1499 1583 1594 Tigrem
1608 1499 1665 1568 seu

284 1594 448 1688 Didjeiei
480 1620 501 1668 a
543 1600 646 1668 Nord
679 1605 785 1673 Ouest
824 1599 938 1670 versus
976 1599 1047 1670 Sud
1083 1599 1141 1671 Est
1180 1599 1340 1688 protendi
1370 1592 1575 1684 Djarbekir,
1604 1600 1663 1669 seu

171 1705 175 1712 '
283 1693 594 1788 Mesopotamiam,
620 1722 730 1789 quam
757 1706 895 1770 Veteres
920 1705 1034 1772 Aram
1059 1697 1287 1787 Naharajim‚
1313 1701 1349 1766 δι
1373 1695 1496 1768 Padaa
1531 1701 1663 1773 Aram,

282 1801 321 1868 id
346 1796 418 1873 est,
445 1803 557 1870 Aram
584 1797 735 1870 binorum
755 1803 948 1894 fluuiorum
974 1802 1225 1892 nuncupabant
1256 1852 1264 1869 .
1303 1800 1438 1869 Graecis
1475 1804 1549 1869 haec
1587 1823 1666 1891 pto·

283 1899 407 1988 pincia
432 1895 680 1992 Mesopotamia
715 1904 749 1969 de
786 1897 987 1972 Mediamera
1025 1903 1153 1979 audit,
1194 1917 1233 1972 ut
1272 1919 1316 1968 ent
1356 1903 1470 1968 veteri
1497 1899 1666 1988 Dionysii

282 1999 473 2087 Periegetis
499 2007 686 2090 interprete
712 2002 875 2073 conilat·
911 2001 1025 2072 Habet
1051 2003 1157 2072 Perus
1194 2001 1240 2070 ad
1265 2001 1452 2070 meridiem
1489 1998 1665 2069 desertum

282 2094 443 2184 Nasici,
466 2101 563 2190 quod
591 2109 627 2170 in
658 2103 828 2172 Arabiam
856 2105 1027 2176 excurrit,
1053 2104 1234 2174 montibus
1260 2123 1280 2168 a
1305 2099 1505 2188 Babylonia
1530 2097 1665 2187 disjun-

283 2199 402 2274 ἂιιιι,
429 2201 536 2271 &ad
563 2204 832 2292 septentrionem
866 2204 1026 2292 proxime
1054 2197 1250 2301 Assyriam,
1288 2199 1452 2272 admitte
1491 2199 1663 2286 Caspium

283 2303 469 2386 antiquam
493 2297 648 2370 Mediam
672 2307 706 2370 dt
733 2305 964 2400 turianum,
1004 2306 1111 2393 paulo
1137 2306 1237 2393 super
1263 2301 1407 2388 Assyria
1432 2299 1660 2374 Armeniam,

284 2399 322 2466 dt
348 2397 393 2466 ad
418 2416 512 2467 mare
540 2399 710 2487 Caspium
736 2403 941 2493 Georgium
979 2421 1085 2492 quae,
1111 2421 1149 2470 ut
1176 2407 1215 2470 in
1249 2399 1419 2487 superiori
1455 2399 1660 2470 adnotatio-

281 2519 329 2570 ne
366 2496 555 2575 diximus,
594 2499 774 2568 hodiernae
816 2496 956 2589 Perfidia
995 2501 1185 2586 provincia
1217 2499 1303 2568 est.
1347 2496 1535 2588 Quidquid
1572 2496 1663 2570 ultre

283 2596 442 2669 Mediam
467 2599 525 2670 seu
552 2597 738 2699 Simmiam,
787 2599 1054 2691 Armeniamqeoe
1081 2599 1196 2670 versus
1227 2601 1370 2670 boream
1396 2598 1660 2688 protenditur,

279 2704 357 2769 boc·
377 2719 510 2773 veteres
539 2697 714 2798 Scythiam
739 2701 961 2790 nuncupabat
977 2699 1089 2772 tunde
1116 2705 1205 2770 mati
1230 2701 1364 2788 Caspio
1393 2699 1496 2768 Sinas
1528 2696 1683 2796 scyrii-¹

285 2822 369 2874 aas,
399 2803 434 2867 δι
461 2803 564 2872 Sinas
589 2805 771 2899 isyrcaaas
798 2821 931 2870 nomen
960 2797 1126 2874 inhaesrt3
1157 2803 1256 2890 quod
1289 2821 1333 2869 ex
1358 2801 1510 2875 ortelio,
1535 2793 1684 2886 Samso--

283 2905 367 2976 m'o,
396 2903 569 2976 cellario,
597 2899 747 2990 aliisque
772 2902 946 2974 veteribus
974 2901 1322 2990 Geograpltispatet.

387 3003 494 3093 Quod
520 3001 546 3070 st
570 3023 653 3070 vera
680 3000 729 3068 eti
755 3005 889 3088 lingua:
914 2997 1072 3070 Zendice
1100 3005 1135 3066 δι
1167 2997 1439 3088 Samscrdamiee
1456 2997 1626 3072 affinitas
1652 3049 1663 3080 ,

279 3102 330 3172 eti
358 3119 473 3174 autem
499 3101 703 3178 certisime,
734 3100 807 3188 jam
833 3101 937 3170 facile
964 3103 1109 3190 liquet,
1135 3123 1205 3190 qua
1232 3105 1366 3172 ratione
1395 3103 1472 3170 haec
1509 3097 1687 3174 affinitas:

284 3202 457 3272 natast.
485 3205 651 3270 Diximus
679 3197 884 3287 stoooostm
910 3203 954 3272 ad
981 3221 1095 3272 ortum
1123 3197 1224 3290 ipstut
1252 3202 1396 3272 Persidis
1430 3200 1626 3273 strumene
1655 3257 1663 3273 .

283 3297 565 3395 Abderi-Kerym
590 3307 660 3368 hoc
688 3304 945 3373 intervallum,
992 3303 1089 3387 quod
1125 3306 1217 3369 inter
1241 3305 1381 3372 indiam
1420 3305 1455 3366 δι
1491 3299 1663 3374 Perfidetn

282 3399 497 3474 intercedit,
524 3397 604 3467 satis
630 3397 783 3468 dilucide
811 3399 995 3470 describit.
1021 3400 1151 3466 Statim
1184 3400 1227 3466 ad
1270 3401 1492 3468 territorium·
1528 3399 1661 3468 Sindloa

281 3499 456 3574 fluminis,
483 3499 579 3588 quod
606 3500 695 3566 olim
727 3489 896 3570 Perfidem
933 3499 977 3567 ab
1018 3496 1117 3566 india
1158 3497 1387 3574 secernebat,
1430 3499 1538 3568 multi
1576 3499 1658 3574 sunt

280 3596 495 3697 Hesperiae,
524 3593 656 3672 idest,
683 3615 841 3688 agrorum
873 3591 1088 3691 pomerei,
1124 3601 1186 3686 qui
1219 3596 1264 3668 ab
1294 3597 1419 3669 indico
1455 3605 1649 3674 monarche

277 3705 343 3770 hos
382 3719 485 3789 agros
523 3701 559 3765 in
604 3699 853 3787 proprietatem
888 3713 1084 3790 receperant
1120 3699 1423 3776 reconditione,
1461 3715 1502 3771 ut
1537 3719 1583 3768 ex
1614 3706 1662 3774 ii*

277 3819 439 3871 annuum
480 3797 652 3871 tributum
691 3799 871 3885 pendant.
896 3803 1061 3892 Sequitur
1098 3803 1190 3872 ultra
1229 3797 1555 3872 versus-Persidem
1580 3801 1660 3873 urba

278 3898 457 3976 Lirkrimh
482 3923 564 3972 cum
590 3901 657 3970 suis
683 3903 776 3986 agris
803 3903 912 3972 hodie
953 3898 1099 3970 incultis
1126 3944 1137 3974 2
1164 3904 1202 3968 in
1239 3901 1367 3988 quibus
1397 3902 1508 3975 adbuc
1546 3901 1660 3994 aliqui

279 3999 358 4068 indi
385 4021 581 4088 vagantur.
608 3999 692 4068 Inde
723 3999 762 4068 fit
790 4003 856 4070 iter
882 4023 954 4090 per*
975 4005 1147 4069 incultam
1185 3999 1423 4094 desertamque
1458 4006 1623 4073 tellurem
1648 4043 1660 4073 t

278 4117 388 4186 quam
414 4097 746 4200 Daseia-Biyolauier
773 4119 995 4192 nuncupant.
1023 4095 1154 4188 Desche
1191 4099 1240 4170 est
1280 4107 1459 4192 corruptio
1493 4101 1664 4174 vocabuli·

281 4199 548 4274 Samserdamici
576 4197 732 4274 ditham,
760 4203 860 4292 quod
882 4203 1019 4292 proprie
1047 4203 1261 4270 territorium
1295 4203 1351 4272 seu
1389 4198 1579 4289 diutinam
1612 4201 1656 4274 st·

278 4297 455 4388 gnificat:
482 4305 541 4370 nie
575 4320 691 4372 autern
720 4303 869 4375 sumitur
912 4325 974 4394 pto
1009 4301 1145 4373 deserto
1182 4301 1238 4374 seu
1273 4305 1453 4373 territorio
1486 4301 1655 4377 inculto,

277 4397 377 4487 quud
403 4399 572 4470 Persidem
598 4403 642 4472 ab
668 4405 768 4474 lndia
794 4403 944 4494 separat.
973 4407 1141 4496 Sequitur
1167 4405 1289 4476 eadem
1318 4404 1403 4479 via,
1424 4400 1586 4494 Peseheek
1604 4404 1660 4471 di·

279 4501 357 4574 ἂι,
385 4501 564 4571 castellum
589 4499 799 4582 suadelae,
825 4507 923 4596 quod
947 4501 1367 4580 Nouio-solemnitor,
1394 4507 1430 4572 δι
1456 4510 1536 4574 loco
1564 4507 1658 4573 iilius

279 4604 514 4692 municipium
544 4625 563 4674 a
590 4609 732 4674 nomine
761 4609 822 4678 suo
855 4603 1112 4684 Nddir-airad‚
1158 4605 1216 4676 seu
1248 4603 1329 4675 urba
1366 4599 1620 4692 Nadir-schairi
1647 4649 1658 4680 ,

280 4695 432 4785 ditium,
458 4703 669 4782 construxit.
713 4705 820 4785 Extra
839 4706 1045 4794 laudaiae.
1060 4707 1154 4882 ιῗιίι
1168 4705 1297 4790 fiumen
1315 4701 1459 4792 Andri,
1487 4722 1658 4876 queant·

346 4825 363 4868 a
415 4828 429 4866 ,ι
1515 4826 1549 4900 Je
1585 4821 1607 4876 ο
